<?xml version="1.0" encoding="UTF-8"?><record xmlns="http://www.loc.gov/MARC21/slim" xmlns:cinclude="http://apache.org/cocoon/include/1.0" xmlns:zs="http://www.loc.gov/zing/srw/">
  <leader>01949cz  a2200217n  4500</leader>
  <controlfield tag="001">no 94039192 </controlfield>
  <controlfield tag="003">DLC</controlfield>
  <controlfield tag="005">19941205150703.2</controlfield>
  <controlfield tag="008">941103n| acannaab|          |a ana     c</controlfield>
  <datafield tag="010" ind1=" " ind2=" ">
    <subfield code="a">no 94039192 </subfield>
  </datafield>
  <datafield tag="040" ind1=" " ind2=" ">
    <subfield code="a">PPPrHi</subfield>
    <subfield code="c">PPPrHi</subfield>
    <subfield code="d">PPPrHi</subfield>
  </datafield>
  <datafield tag="110" ind1="2" ind2="0">
    <subfield code="a">Theological Seminary of the Reformed Presbyterian Church (Coldenham, N.Y.)</subfield>
  </datafield>
  <datafield tag="410" ind1="2" ind2="0">
    <subfield code="a">Reformed Presbyterian Theological Seminary (Coldenham, N.Y.)</subfield>
  </datafield>
  <datafield tag="410" ind1="2" ind2="0">
    <subfield code="a">Coldenham Theological Seminary (Reformed Presbyterian)</subfield>
  </datafield>
  <datafield tag="510" ind1="2" ind2="0">
    <subfield code="w">a</subfield>
    <subfield code="a">Theological Seminary of the Reformed Presbyterian Church (Philadelphia, Pa.)</subfield>
  </datafield>
  <datafield tag="510" ind1="2" ind2="0">
    <subfield code="w">b</subfield>
    <subfield code="a">Eastern Theological Seminary of the Reformed Presbyterian Church (Coldenham, N.Y.)</subfield>
  </datafield>
  <datafield tag="510" ind1="2" ind2="0">
    <subfield code="w">b</subfield>
    <subfield code="a">Western Theological Seminary of the Reformed Presbyterian Church (Allegheny, Pittsburgh, Pa.)</subfield>
  </datafield>
  <datafield tag="670" ind1=" " ind2=" ">
    <subfield code="a">Constitution, 1811</subfield>
    <subfield code="b">(The Theological Seminary of the Reformed Presbyterian Church)</subfield>
  </datafield>
  <datafield tag="670" ind1=" " ind2=" ">
    <subfield code="a">Glasgow, W.M. Historical catalogue of the theological seminaries of the Reformed Presbyterian Church in America, 1898:</subfield>
    <subfield code="b">p. 15 (Coldenham Theological Seminary; New Alexandria, Pa. was selected in 1836 as the site for the re-organized seminary but never used; est. at Coldenham, N.Y. at the convenience of the professor; in 1838 the seminary was split into Eastern and Western Theological Seminaries)</subfield>
  </datafield>
  <datafield tag="670" ind1=" " ind2=" ">
    <subfield code="a">Glasgow, W.M. History of the Reformed Presbyterian Church, 1888:</subfield>
    <subfield code="b">p. 82 (Theological Seminary of the Reformed Presbyterian Church; est. in 1810 in Philadelphia with Samuel B. Wylie as professor); p. 741 (discontinued when Wylie resigned, 1817-1822; he was re-elected 1823 but resigned again in 1828) ; p. 105-107 (seminary ordered re-established in New Alexandria, Pa. in 1832; closed by order of Synod in 1838 when Eastern and Western Theological Seminaries were established at Coldenham, N.Y. and Allegheny, Pa. respectively)</subfield>
  </datafield>
  <datafield tag="670" ind1=" " ind2=" ">
    <subfield code="a">Copeland, R.M. Spare no exertions, 1986</subfield>
    <subfield code="b">(Reformed Presbyterian Theological Seminary ; "portable seminary")</subfield>
  </datafield>
</record>